@article{nagalakshmi2008transcriptional,
  title={The transcriptional landscape of the yeast genome defined by RNA sequencing},
  author={Nagalakshmi, Ugrappa and Wang, Zhong and Waern, Karl and Shou, Chong and Raha, Debasish and Gerstein, Mark and Snyder, Michael},
  journal={Science},
  volume={320},
  number={5881},
  pages={1344--1349},
  year={2008},
  publisher={American Association for the Advancement of Science}
}
@article{yassour2009ab,
title={Ab initio construction of a eukaryotic transcriptome by massively parallel mRNA sequencing},
author={Yassour, Moran and Kaplan, Tommy and Fraser, Hunter B and Levin, Joshua Z and Pfiffner, Jenna and Adiconis, Xian and Schroth, Gary and Luo, Shujun and Khrebtukova, Irina and Gnirke, Andreas and others},
journal={Proceedings of the National Academy of Sciences},
volume={106},
number={9},
pages={3264â€”3269},
year={2009},
publisher={National Acad Sciences}
}
@article{siwiak2010comprehensive,
  title={A comprehensive, quantitative, and genome-wide model of translation},
  author={Siwiak, Marlena and Zielenkiewicz, Piotr},
  journal={PLoS computational biology},
  volume={6},
  number={7},
  pages={e1000865},
  year={2010},
  publisher={Public Library of Science}
}
@article{shah2013rate,
  title={Rate-limiting steps in yeast protein translation},
  author={Shah, Premal and Ding, Yang and Niemczyk, Malwina and Kudla, Grzegorz and Plotkin, Joshua B},
  journal={Cell},
  volume={153},
  number={7},
  pages={1589--1601},
  year={2013},
  publisher={Elsevier}
}
@article{ciandrini2013ribosome,
  title={Ribosome traffic on mRNAs maps to gene ontology: genome-wide quantification of translation initiation rates and polysome size regulation},
  author={Ciandrini, Luca and Stansfield, Ian and Romano, M Carmen},
  journal={PLoS computational biology},
  volume={9},
  number={1},
  pages={e1002866},
  year={2013},
  publisher={Public Library of Science}
}
@article{Gritsenko2014,
author = {Gritsenko, Alexey A and Hulsman, Marc and Reinders, Marcel J T and Ridder, De},
file = {:home/bliss/.local/share/data/Mendeley Ltd./Mendeley Desktop/Downloaded/Gritsenko et al. - 2014 - An unbiased quantitative model of S. cerevisiae protein translation derived from ribosome profiling data.pdf:pdf},
mendeley-groups = {ForRibosoms},
pages = {1--7},
title = {{An unbiased quantitative model of S. cerevisiae protein translation derived from ribosome profiling data}},
year = {2014}
}
@article{cherry2011saccharomyces,
  title={Saccharomyces Genome Database: the genomics resource of budding yeast},
  author={Cherry, J Michael and Hong, Eurie L and Amundsen, Craig and Balakrishnan, Rama and Binkley, Gail and Chan, Esther T and Christie, Karen R and Costanzo, Maria C and Dwight, Selina S and Engel, Stacia R and others},
  journal={Nucleic acids research},
  pages={gkr1029},
  year={2011},
  publisher={Oxford Univ Press}
}